@inproceedings{parnin:Noseprints,
  title={A catalogue of lightweight visualizations to support code smell inspection},
  author={Parnin, Chris and G{\"o}rg, Carsten and Nnadi, Ogechi},
  booktitle={Proceedings of the 4th ACM symposium on Software visualization},
  pages={77--86},
  year={2008},
  organization={ACM}
}

@inproceedings{bacchelli:ModernCodeReviewChallenges,
  title={Expectations, outcomes, and challenges of modern code review},
  author={Bacchelli, Alberto and Bird, Christian},
  booktitle={Proceedings of the 2013 International Conference on Software Engineering},
  pages={712--721},
  year={2013},
  organization={IEEE Press}
}